@Book{Jung13,
        title = "Android 4 Übungsbuch für die App-Entwicklung",
        author = "Elisabeth Jung",
        year = "2013"
}
@Book{Kuehn12,
        title = "Android 4 Apps entwickeln mit dem Android SDK",
        author = "Thomas Künneth",
        year = "2012"
}
@Book{Post12,
        title = "Android-Apps entwickeln Für Programmiereinsteiger geeignet",
        author = "Uwe Post",
        year = "2012"
}
@misc{WikiAndroid,
        title = "Android (Betriebssystem)",
        month = "September",
        year = "2014",
        url = "http://de.wikipedia.org/wiki/Android_%28Betriebssystem%29"
}
@misc{VogellaAndroid,
        title = "Android Development - Tutorial ",
        month = "Mai",
        year = "2014",
        author = "Lars Vogel",
        url = "http://www.vogella.com/tutorials/Android/article.html#applicationparts"
}
@misc{GolemMobileBetriebssystem,
        title = "Android läuft auf fast 85 Prozent aller Smartphones",
        month = "August",
        year = "2014",
        author = "Tobias Költzsch",
        url = "http://www.golem.de/news/mobile-betriebssysteme-android-laeuft-auf-fast-85-prozent-aller-smartphones-1408-108290.html"
}
@misc{NextAndroidWear,
        title = "Android Wear: Google präsentiert Smartwatch- und Wearable-Betriebssystem",
        month = "März",
        year = "2014",
        url = "http://www.androidnext.de/news/android-wear-google-praesentiert-smartwatch-wearable-betriebssystem/"
}
@misc{DevAndroidStudio,
        title = "Android Studio",
        url = "https://developer.android.com/sdk/installing/studio.html"
}
@Book{Android44,
        title = "Android 4.4 Programmieren für Smartphones und Tablets Grundlagen und fortgeschrittene Techniken",
        author = "Arno Becker, Marcus Pant",
        year = "2014"
}